
@conference{buscaldi_rosso,
  added-at = {2012-03-20T05:00:52.000+0100},
  address = { Genoa, Italy},
  author = {Buscaldi, D. and Rosso, P.},
  biburl = {http://www.bibsonomy.org/bibtex/29c8b114077903fe4927a4cc7ff83aaf1/wyswilson},
  booktitle = { Proceedings of the 5th International Conference on Language Resources and Evaluation (LREC)},
  interhash = {6ba4e4ad562cdefb2e8e2000d623b1a6},
  intrahash = {9c8b114077903fe4927a4cc7ff83aaf1},
  keywords = {imported},
  pages = { 727-730},
  timestamp = {2012-03-20T05:00:52.000+0100},
  title = { Mining Knowledge from Wikipedia for the Question Answering Task},
  year = { 2006}
}

@inproceedings{aprosio,
  added-at = {2013-05-23T00:00:00.000+0200},
  author = {Aprosio, Alessio Palmero and Giuliano, Claudio and Lavelli, Alberto},
  biburl = {http://www.bibsonomy.org/bibtex/2205ab7527c475d51cd7bfa1d5a664c97/dblp},
  booktitle = {ESWC},
  editor = {Cimiano, Philipp and Corcho, Óscar and Presutti, Valentina and Hollink, Laura and Rudolph, Sebastian},
  ee = {http://dx.doi.org/10.1007/978-3-642-38288-8_27},
  interhash = {9bcdb6f792171489d3e0751282169e15},
  intrahash = {205ab7527c475d51cd7bfa1d5a664c97},
  isbn = {978-3-642-38288-8},
  keywords = {dblp},
  pages = {397-411},
  publisher = {Springer},
  series = {Lecture Notes in Computer Science},
  timestamp = {2013-05-23T00:00:00.000+0200},
  title = {Automatic Expansion of DBpedia Exploiting Wikipedia Cross-Language Information.},
  url = {http://dblp.uni-trier.de/db/conf/esws/eswc2013.html#AprosioGL13},
  volume = 7882,
  year = 2013
}

@inproceedings{mihalcea,
    author = {Mihalcea, Rada},
    booktitle = {North American Chapter of the Association for Computational Linguistics (NAACL 2007)},
    citeulike-article-id = {4629533},
    comment = {Authors mapped Wikipedia word senses to WordNet on Senseval-2 and 3 testsets and made disambiguation using Bayesian classifier. Only nouns were used. The performance was better then state-of-the-art.},
    keywords = {disambiguation, wikipedia},
    posted-at = {2009-05-25 13:26:40},
    priority = {0},
    title = {{Using Wikipedia for Automatic Word Sense Disambiguation}},
    year = {2007}
}

@inproceedings{erdmann,
 author = {Erdmann, Maike and Nakayama, Kotaro and Hara, Takahiro and Nishio, Shojiro},
 title = {An approach for extracting bilingual terminology from Wikipedia},
 booktitle = {Proceedings of the 13th international conference on Database systems for advanced applications},
 series = {DASFAA'08},
 year = {2008},
 isbn = {3-540-78567-1, 978-3-540-78567-5},
 location = {New Delhi, India},
 pages = {380--392},
 numpages = {13},
 url = {http://dl.acm.org/citation.cfm?id=1802514.1802552},
 acmid = {1802552},
 publisher = {Springer-Verlag},
 address = {Berlin, Heidelberg},
}

@inproceedings{vulic,
 author = {Vuli\'{c}, Ivan and De Smet, Wim and Moens, Marie-Francine},
 title = {Cross-language Information Retrieval with Latent Topic Models Trained on a Comparable Corpus},
 booktitle = {Proceedings of the 7th Asia Conference on Information Retrieval Technology},
 series = {AIRS'11},
 year = {2011},
 isbn = {978-3-642-25630-1},
 location = {Dubai, United Arab Emirates},
 pages = {37--48},
 numpages = {12},
 url = {http://dx.doi.org/10.1007/978-3-642-25631-8_4},
 doi = {10.1007/978-3-642-25631-8_4},
 acmid = {2189344},
 publisher = {Springer-Verlag},
 address = {Berlin, Heidelberg},
 keywords = {comparable corpora, cross-language retrieval, document models, multilingual retrieval, topic models, wikipedia},
}

@article{egozi,
 author = {Egozi, Ofer and Markovitch, Shaul and Gabrilovich, Evgeniy},
 title = {Concept-Based Information Retrieval Using Explicit Semantic Analysis},
 journal = {ACM Trans. Inf. Syst.},
 issue_date = {April 2011},
 volume = {29},
 number = {2},
 month = apr,
 year = {2011},
 issn = {1046-8188},
 pages = {8:1--8:34},
 articleno = {8},
 numpages = {34},
 url = {http://doi.acm.org/10.1145/1961209.1961211},
 doi = {10.1145/1961209.1961211},
 acmid = {1961211},
 publisher = {ACM},
 address = {New York, NY, USA},
 keywords = {Concept-based retrieval, explicit semantic analysis, feature selection, semantic search},
}

@inproceedings{milne,
 author = {Milne, David N. and Witten, Ian H. and Nichols, David M.},
 title = {A Knowledge-based Search Engine Powered by Wikipedia},
 booktitle = {Proceedings of the Sixteenth ACM Conference on Conference on Information and Knowledge Management},
 series = {CIKM '07},
 year = {2007},
 isbn = {978-1-59593-803-9},
 location = {Lisbon, Portugal},
 pages = {445--454},
 numpages = {10},
 url = {http://doi.acm.org/10.1145/1321440.1321504},
 doi = {10.1145/1321440.1321504},
 acmid = {1321504},
 publisher = {ACM},
 address = {New York, NY, USA},
 keywords = {data mining, information retrieval, query expansion, thesauri, wikipedia},
} 

@inproceedings{sorg,
    author = {Sorg, Philipp and Cimiano, Philipp},
    booktitle = {Working Notes for the CLEF 2008 Workshop},
    citeulike-article-id = {9806798},
    citeulike-linkout-0 = {http://www.clef-campaign.org/2008/working\_notes/sorg\_paperCLEF2008.pdf},
    keywords = {ir, wikipedia},
    posted-at = {2011-09-25 23:44:37},
    priority = {2},
    title = {{Cross-lingual Information Retrieval with Explicit Semantic Analysis}},
    url = {http://www.clef-campaign.org/2008/working\_notes/sorg\_paperCLEF2008.pdf},
    year = {2008}
}

@inproceedings{nguyen,
 author = {Nguyen, Dong and Overwijk, Arnold and Hauff, Claudia and Trieschnigg, Dolf R. B. and Hiemstra, Djoerd and De Jong, Franciska},
 title = {WikiTranslate: Query Translation for Cross-lingual Information Retrieval Using Only Wikipedia},
 booktitle = {Proceedings of the 9th Cross-language Evaluation Forum Conference on Evaluating Systems for Multilingual and Multimodal Information Access},
 series = {CLEF'08},
 year = {2009},
 isbn = {3-642-04446-8, 978-3-642-04446-5},
 location = {Aarhus, Denmark},
 pages = {58--65},
 numpages = {8},
 url = {http://dl.acm.org/citation.cfm?id=1813809.1813818},
 acmid = {1813818},
 publisher = {Springer-Verlag},
 address = {Berlin, Heidelberg},
 keywords = {Wikipedia, comparable corpus, cross-lingual information retrieval, query translation, word sense disambiguation},
}

@book{nie,
  author    = {Jian-Yun Nie},
  title     = {Cross-Language Information Retrieval},
  booktitle = {Cross-Language Information Retrieval},
  publisher = {Morgan {\&} Claypool Publishers},
  series    = {Synthesis Lectures on Human Language Technologies},
  year      = {2010},
  ee        = {http://dx.doi.org/10.2200/S00266ED1V01Y201005HLT008},
  bibsource = {DBLP, http://dblp.uni-trier.de}
}

@inproceedings{braschler,
  added-at = {2002-07-25T00:00:00.000+0200},
  author = {Braschler, Martin and Schäuble, Peter and Peters, Carol},
  biburl = {http://www.bibsonomy.org/bibtex/2e1a48ba8f1b40ee8774450cb1601de1a/dblp},
  booktitle = {TREC},
  date = {2002-07-25},
  description = {dblp},
  ee = {http://trec.nist.gov/pubs/trec8/papers/trec8ov.pdf},
  interhash = {ceaefb6d036aced3e05012a36f909eca},
  intrahash = {e1a48ba8f1b40ee8774450cb1601de1a},
  keywords = {dblp},
  timestamp = {2002-07-25T00:00:00.000+0200},
  title = {Cross-Language Information Retrieval (CLIR) Track Overview.},
  url = {http://dblp.uni-trier.de/db/conf/trec/trec1999.html#BraschlerSP99},
  year = 1999
}

@inproceedings{li,   
    address = {Berlin/Heidelberg},
    author = {Li, Chenliang and Sun, Aixin and Datta, Anwitaman},
    booktitle = {Proceedings of the 33rd European conference on Advances in information retrieval},
    citeulike-article-id = {9782937},
    citeulike-linkout-0 = {http://portal.acm.org/citation.cfm?id=1996889.1996972},
    isbn = {978-3-642-20160-8},
    keywords = {wikipedia, wsd},
    location = {Dublin, Ireland},
    pages = {653--664},
    posted-at = {2011-09-19 16:29:13},
    priority = {2},
    publisher = {Springer},
    series = {Lecture Notes in Computer Science},
    title = {A generalized method for word sense disambiguation based on {Wikipedia}},
    url = {http://portal.acm.org/citation.cfm?id=1996889.1996972},
    volume = {6611},
    year = {2011}
}

@inproceedings{hakimov,
 author = {Hakimov, Sherzod and Oto, Salih Atilay and Dogdu, Erdogan},
 title = {Named Entity Recognition and Disambiguation Using Linked Data and Graph-based Centrality Scoring},
 booktitle = {Proceedings of the 4th International Workshop on Semantic Web Information Management},
 series = {SWIM '12},
 year = {2012},
 isbn = {978-1-4503-1446-6},
 location = {Scottsdale, Arizona},
 pages = {4:1--4:7},
 articleno = {4},
 numpages = {7},
 url = {http://doi.acm.org/10.1145/2237867.2237871},
 doi = {10.1145/2237867.2237871},
 acmid = {2237871},
 publisher = {ACM},
 address = {New York, NY, USA},
 keywords = {DBpedia, centrality algorithms, closeness centrality, linked data, named entity, named entity disambiguation, semantic databases, text annotation},
} 

@conference {villar,
	title = {Using Linked Open Data Sources for Entity Disambiguation},
	booktitle = {Online Reputation Management - RepLab },
	year = {2013},
	month = {09/2013},
	address = {Valencia},
	isbn = {978-88-904810-5-5},
	author = {Villar Rodr{\'\i}guez, Esther and Ana Isabel Torre-Bastida and Ana Garc{\'\i}a-Serrano and Gonz{\'a}lez, Marta}
}

@inproceedings{mendes,
 author = {Mendes, Pablo N. and Jakob, Max and Garc\'{\i}a-Silva, Andr{\'e}s and Bizer, Christian},
 title = {DBpedia Spotlight: Shedding Light on the Web of Documents},
 booktitle = {Proceedings of the 7th International Conference on Semantic Systems},
 series = {I-Semantics '11},
 year = {2011},
 isbn = {978-1-4503-0621-8},
 location = {Graz, Austria},
 pages = {1--8},
 numpages = {8},
 url = {http://doi.acm.org/10.1145/2063518.2063519},
 doi = {10.1145/2063518.2063519},
 acmid = {2063519},
 publisher = {ACM},
 address = {New York, NY, USA},
 keywords = {DBpedia, linked data, named entity disambiguation, text annotation},
} 